<record xmlns="http://www.loc.gov/MARC21/slim" xmlns:xsi="http://www.w3.org/2001/XMLSchema-instance" xsi:schemaLocation="http://www.loc.gov/MARC21/slim http://www.loc.gov/standards/marcxml/schema/MARC21slim.xsd">

  <leader>00867nam a22001697a 4500</leader>
  <controlfield tag="008">160809b2010    cr a|||| |||| 00| 0 spa d</controlfield>
  <datafield ind1=" " tag="090" ind2=" ">
    <subfield code="a">06.03.07</subfield>
    <subfield code="b">2366</subfield>
  </datafield>
  <datafield ind2=" " tag="110" ind1="1">
    <subfield code="9">1935</subfield>
    <subfield code="a">Costa Rica. Ministerio de Educación Pública. Programa Educación Científica basada en la Indagación </subfield>
  </datafield>
  <datafield ind2="3" tag="245" ind1="1">
    <subfield code="a"> La formación docente desde la metodología de la educación científica basada en la indagación: guía para la promoción del aprendizaje profesional: módulo 3</subfield>
  </datafield>
  <datafield ind2=" " tag="260" ind1=" ">
    <subfield code="a">[San José, Costa Rica] : </subfield>
    <subfield code="b">MEP, </subfield>
    <subfield code="c">2010</subfield>
  </datafield>
  <datafield tag="300" ind1=" " ind2=" ">
    <subfield code="a">19 hojas; </subfield>
    <subfield code="b">ilustraciones a color</subfield>
  </datafield>
  <datafield ind2=" " tag="500" ind1=" ">
    <subfield code="a">A la cabeza de la portada: República de Costa Rica. Ministerio de Educación Pública. Programa Educación Científica basada en la Indagación</subfield>
  </datafield>
  <datafield ind1="1" tag="650" ind2="4">
    <subfield code="9">498</subfield>
    <subfield code="a">FORMACIÓN PROFESIONAL</subfield>
  </datafield>
  <datafield ind1="1" tag="650" ind2="4">
    <subfield code="9">996</subfield>
    <subfield code="a">ENSEÑANZA DE LAS CIENCIAS </subfield>
  </datafield>
  <datafield ind1="1" tag="650" ind2="4">
    <subfield code="9">367</subfield>
    <subfield code="a">EDUCACIÓN PRIMARIA</subfield>
  </datafield>
  <datafield ind1=" " tag="942" ind2=" ">
    <subfield code="2">z</subfield>
    <subfield code="c">01</subfield>
  </datafield>
  <datafield ind1=" " tag="999" ind2=" ">
    <subfield code="c">3303</subfield>
    <subfield code="d">3303</subfield>
  </datafield>
</record>